[gd_scene load_steps=7 format=3 uid="uid://cbh6i7mi0aqjs"]

[ext_resource type="PackedScene" uid="uid://n3ktc2gomi2p" path="res://Assets/MapComponents/SpawnPoint.tscn" id="1"]
[ext_resource type="Script" path="res://Assets/Maps/Map.gd" id="1_fxibd"]
[ext_resource type="Material" uid="uid://cx53mnq3gateb" path="res://Assets/Materials/Maps/Dev/Dev_LightGray.tres" id="1_ndro8"]
[ext_resource type="Environment" uid="uid://bicgdv5syrqrf" path="res://Assets/Environment.tres" id="2_m4ajh"]
[ext_resource type="PackedScene" uid="uid://bbob7ksc8vhq7" path="res://Assets/MapComponents/Hazard.tscn" id="2_oyi5t"]

[sub_resource type="CameraEffects" id="CameraEffects_i6883"]
dof_blur_far_enabled = true
dof_blur_far_distance = 0.01
dof_blur_far_transition = 173.56
dof_blur_near_enabled = true
dof_blur_near_distance = 38.96
dof_blur_near_transition = 155.25
dof_blur_amount = 1.0
override_exposure = 0.0

[node name="Map" type="Node3D"]
script = ExtResource( "1_fxibd" )

[node name="Camera" type="Camera3D" parent="."]
transform = Transform3D(1, 0, 0, 0, 1, 0, 0, 0, 1, 0, 4, 16)
effects = SubResource( "CameraEffects_i6883" )
current = true
fov = 60.0

[node name="Lighting" type="Node3D" parent="."]

[node name="DirectionalLight3D" type="DirectionalLight3D" parent="Lighting"]
transform = Transform3D(0.866025, 0.347618, 0.359391, 0, -0.718782, 0.695236, 0.5, -0.602092, -0.622483, 0, 13, 0)
light_energy = 2.0
light_angular_distance = 0.977384
light_bake_mode = 1
shadow_enabled = true
directional_shadow_mode = 0

[node name="WorldEnvironment" type="WorldEnvironment" parent="Lighting"]
environment = ExtResource( "2_m4ajh" )

[node name="LightmapGI" type="LightmapGI" parent="Lighting"]

[node name="VoxelGI" type="VoxelGI" parent="Lighting"]
visible = false
extents = Vector3(64, 64, 64)

[node name="Geometry" type="Node3D" parent="."]

[node name="Prototype" type="CSGCombiner3D" parent="Geometry"]
use_collision = true

[node name="CSGBox3D" type="CSGBox3D" parent="Geometry/Prototype"]
transform = Transform3D(1, 0, 0, 0, 1, 0, 0, 0, 1, 0, -1, 0)
size = Vector3(16, 2, 16)
material = ExtResource( "1_ndro8" )

[node name="Pickups" type="Node3D" parent="."]

[node name="Props" type="Node3D" parent="."]

[node name="ParticlesCollision" type="Node3D" parent="."]

[node name="SpecialCollision" type="Node3D" parent="."]

[node name="KillFloor" parent="SpecialCollision" instance=ExtResource( "2_oyi5t" )]
transform = Transform3D(1, 0, 0, 0, 1, 0, 0, 0, 1, 0, -64, 0)

[node name="Decals" type="Node3D" parent="."]

[node name="Lights" type="Node3D" parent="."]

[node name="Particles" type="Node3D" parent="."]

[node name="ReflectionProbes" type="Node3D" parent="."]

[node name="ReflectionProbe" type="ReflectionProbe" parent="ReflectionProbes"]
transform = Transform3D(1, 0, 0, 0, 1, 0, 0, 0, 1, 0, 4, 0)
extents = Vector3(16, 16, 16)
box_projection = true
enable_shadows = true
ambient_color = Color(1, 1, 1, 1)

[node name="ReverbZones" type="Node3D" parent="."]

[node name="Large" type="Area3D" parent="ReverbZones"]
collision_mask = 0
input_ray_pickable = false
monitoring = false
priority = 1.0
reverb_bus_enable = true
reverb_bus_name = &"Reverb Large"
reverb_bus_amount = 1.0

[node name="Medium" type="Area3D" parent="ReverbZones"]
collision_mask = 0
input_ray_pickable = false
monitoring = false
reverb_bus_enable = true
reverb_bus_name = &"Reverb Medium"
reverb_bus_amount = 1.0

[node name="Small" type="Area3D" parent="ReverbZones"]
collision_mask = 0
input_ray_pickable = false
monitoring = false
reverb_bus_enable = true
reverb_bus_name = &"Reverb Small"
reverb_bus_amount = 1.0

[node name="SpawnPoints" type="Node3D" parent="."]

[node name="SpawnPoint1" parent="SpawnPoints" instance=ExtResource( "1" )]

[editable path="SpecialCollision/KillFloor"]
