[gd_resource type="Theme" load_steps=10 format=3 uid="uid://ddtu7o1dbp0s8"]

[ext_resource type="FontData" uid="uid://sv606h1wylsm" path="res://Assets/Fonts/Liberation Sans/LiberationSans-Italic.ttf" id="1"]
[ext_resource type="FontData" uid="uid://dedcmqi18s2mk" path="res://Assets/Fonts/Liberation Sans/LiberationSans-Bold.ttf" id="2"]
[ext_resource type="FontData" uid="uid://vokxbnewve4p" path="res://Assets/Fonts/Liberation Sans/LiberationMono-Regular.ttf" id="3"]
[ext_resource type="FontData" uid="uid://y4ub4mqw3ok4" path="res://Assets/Fonts/Liberation Sans/LiberationSans-Regular.ttf" id="4"]

[sub_resource type="Font" id="Font_5hkhv"]
data/0 = ExtResource( "2" )

[sub_resource type="Font" id="Font_tn7wr"]
data/0 = ExtResource( "1" )

[sub_resource type="Font" id="Font_58xsl"]
data/0 = ExtResource( "1" )

[sub_resource type="Font" id="Font_eosbb"]
data/0 = ExtResource( "3" )

[sub_resource type="Font" id="Font_m8svi"]
data/0 = ExtResource( "4" )

[resource]
RichTextLabel/fonts/bold_font = SubResource( "Font_5hkhv" )
RichTextLabel/fonts/bold_italics_font = SubResource( "Font_tn7wr" )
RichTextLabel/fonts/italics_font = SubResource( "Font_58xsl" )
RichTextLabel/fonts/mono_font = SubResource( "Font_eosbb" )
RichTextLabel/fonts/normal_font = SubResource( "Font_m8svi" )
